<?xml version="1.0" encoding="UTF-8"?><collection xmlns="http://www.loc.gov/MARC21/slim"><record><leader>00391nam--2200121-i-4500</leader><controlfield tag="001">000012969</controlfield><controlfield tag="002">20161230</controlfield><controlfield tag="005">20170103164903</controlfield><controlfield tag="008">060222s1000------------r-----000-0-eng-d</controlfield><datafield ind1=" " ind2=" " tag="245"><subfield code="a">Cambridge monographs on mathematical physics: vol.1: The large scale structure of space-time</subfield></datafield><datafield ind1=" " ind2=" " tag="260"><subfield code="a">Cambridge</subfield><subfield code="b">Cambridge University Press</subfield><subfield code="c">1973</subfield></datafield><datafield ind1=" " ind2=" " tag="700"><subfield code="a">Ellis, George F. R</subfield></datafield><datafield ind1=" " ind2=" " tag="CAT"><subfield code="a">SYS</subfield><subfield code="c">20170103</subfield><subfield code="h">164903</subfield></datafield></record></collection>